<record><leader>00000cas a2200000 a 4500</leader><controlfield tag="001">32881701</controlfield><controlfield tag="007">hd bfu---baat</controlfield><controlfield tag="007">hd afu---bact</controlfield><controlfield tag="008">950727d19791982nbuwr nea     0    0ger d</controlfield><datafield ind1=" " ind2=" " tag="010"><subfield code="a">sn 95070213 </subfield></datafield><datafield ind1=" " ind2=" " tag="040"><subfield code="a">NVG</subfield><subfield code="b">eng</subfield><subfield code="c">NVG</subfield><subfield code="d">DLC</subfield><subfield code="d">NVG</subfield><subfield code="d">OCL</subfield><subfield code="d">OCLCQ</subfield><subfield code="d">OCLCF</subfield><subfield code="d">OCLCO</subfield><subfield code="d">OCLCQ</subfield></datafield><datafield ind1=" " ind2=" " tag="042"><subfield code="a">msc</subfield></datafield><datafield ind1=" " ind2=" " tag="043"><subfield code="a">n-us-nb</subfield></datafield><datafield ind1="0" ind2="0" tag="245"><subfield code="a">America-Herold und Sonntagspost.</subfield></datafield><datafield ind1=" " ind2=" " tag="260"><subfield code="a">Omaha, Neb. :</subfield><subfield code="b">Tribune Pub. Co.,</subfield><subfield code="c">1979-1982.</subfield></datafield><datafield ind1=" " ind2=" " tag="300"><subfield code="a">5 volumes :</subfield><subfield code="b">illustrations</subfield></datafield><datafield ind1=" " ind2=" " tag="310"><subfield code="a">Weekly</subfield></datafield><datafield ind1=" " ind2=" " tag="336"><subfield code="a">text</subfield><subfield code="b">txt</subfield><subfield code="2">rdacontent</subfield></datafield><datafield ind1=" " ind2=" " tag="337"><subfield code="a">microform</subfield><subfield code="b">h</subfield><subfield code="2">rdamedia</subfield></datafield><datafield ind1=" " ind2=" " tag="338"><subfield code="a">microfilm reel</subfield><subfield code="b">hd</subfield><subfield code="2">rdacarrier</subfield></datafield><datafield ind1="0" ind2=" " tag="362"><subfield code="a">101. v., issue 52 (6. Apr. 1979)-105. v., issue 7 (28. Mai 1982).</subfield></datafield><datafield ind1=" " ind2=" " tag="546"><subfield code="a">In German.</subfield></datafield><datafield ind1=" " ind2=" " tag="580"><subfield code="a">Formed by the union of: America-Herold (Omaha, Neb.), and: Sonntagspost (Winona, Minn.).</subfield></datafield><datafield ind1=" " ind2=" " tag="580"><subfield code="a">Merged with: Buffalo Volksfreund, and: California freie Prese, and: Cincinnati Kurier, and: Deutsche Wochen Schrift, and: Milwaukee-Herold (Winona, Minn. : Weekly), and: Volkszeitung-Tribu&#776;ne, and: Welt-Post und der Staats-Anzeiger, to form: Amerika Woche.</subfield></datafield><datafield ind1=" " ind2=" " tag="533"><subfield code="a">Microfilm.</subfield><subfield code="m">1979-1982.</subfield><subfield code="b">Lincoln, Neb. :</subfield><subfield code="c">Nebraska State Historical Society,</subfield><subfield code="d">1980-1982.</subfield><subfield code="e">3 microfilm reels ; 35 mm.</subfield></datafield><datafield ind1=" " ind2="0" tag="650"><subfield code="a">Germans</subfield><subfield code="z">United States</subfield><subfield code="v">Newspapers.</subfield></datafield><datafield ind1=" " ind2="0" tag="650"><subfield code="a">German Americans</subfield><subfield code="v">Newspapers.</subfield></datafield><datafield ind1=" " ind2="0" tag="650"><subfield code="a">German American newspapers.</subfield></datafield><datafield ind1=" " ind2="0" tag="651"><subfield code="a">Omaha (Neb.)</subfield><subfield code="v">Newspapers.</subfield></datafield><datafield ind1=" " ind2="7" tag="650"><subfield code="a">German American newspapers.</subfield><subfield code="2">fast</subfield><subfield code="0">(OCoLC)fst00941297</subfield></datafield><datafield ind1=" " ind2="7" tag="650"><subfield code="a">German Americans.</subfield><subfield code="2">fast</subfield><subfield code="0">(OCoLC)fst00941308</subfield></datafield><datafield ind1=" " ind2="7" tag="650"><subfield code="a">Germans.</subfield><subfield code="2">fast</subfield><subfield code="0">(OCoLC)fst00942100</subfield></datafield><datafield ind1=" " ind2="7" tag="651"><subfield code="a">Nebraska</subfield><subfield code="z">Omaha.</subfield><subfield code="2">fast</subfield><subfield code="0">(OCoLC)fst01204995</subfield></datafield><datafield ind1=" " ind2="7" tag="651"><subfield code="a">United States.</subfield><subfield code="2">fast</subfield><subfield code="0">(OCoLC)fst01204155</subfield></datafield><datafield ind1=" " ind2="7" tag="655"><subfield code="a">Newspapers.</subfield><subfield code="2">fast</subfield><subfield code="0">(OCoLC)fst01423814</subfield></datafield><datafield ind1=" " ind2=" " tag="752"><subfield code="a">United States</subfield><subfield code="b">Nebraska</subfield><subfield code="c">Douglas</subfield><subfield code="d">Omaha.</subfield></datafield><datafield ind1="1" ind2=" " tag="776"><subfield code="c">Original</subfield><subfield code="w">(DLC)sn 83045825</subfield></datafield><datafield ind1="1" ind2="4" tag="780"><subfield code="t">America-Herold (Omaha, Neb.)</subfield><subfield code="w">(DLC)sn 95070212</subfield></datafield><datafield ind1="1" ind2="4" tag="780"><subfield code="t">Sonntagspost (Winona, Minn.)</subfield><subfield code="w">(DLC)sn 96080239</subfield></datafield><datafield ind1="1" ind2="7" tag="785"><subfield code="t">Buffalo Volksfreund</subfield></datafield><datafield ind1="1" ind2="7" tag="785"><subfield code="t">California freie Presse</subfield></datafield><datafield ind1="1" ind2="7" tag="785"><subfield code="t">Cincinnati Kurier</subfield></datafield><datafield ind1="1" ind2="7" tag="785"><subfield code="t">Deutsche Wochen Schrift</subfield></datafield><datafield ind1="1" ind2="7" tag="785"><subfield code="t">Milwaukee-Herold (Winona, Minn. : Weekly)</subfield></datafield><datafield ind1="1" ind2="7" tag="785"><subfield code="t">Volkszeitung-Tribu&#776;ne</subfield><subfield code="w">(DLC)sn 95070202</subfield></datafield><datafield ind1="1" ind2="7" tag="785"><subfield code="t">Welt-Post und der Staats-Anzeiger</subfield><subfield code="w">(DLC)sn 95070215</subfield></datafield><datafield ind1="1" ind2="7" tag="785"><subfield code="t">Amerika Woche</subfield><subfield code="x">0745-6557</subfield></datafield><datafield ind1="1" ind2=" " tag="029"><subfield code="a">AU@</subfield><subfield code="b">000011871831</subfield></datafield></record>